@inproceedings{joshi2010effective,
  title={An effective dynamic analysis for detecting generalized
  deadlocks},
  author={Joshi, Pallavi and Naik, Mayur and Sen, Koushik and Gay,
  David},
  booktitle={Proceedings of the eighteenth ACM SIGSOFT
  international symposium on Foundations of software engineering},
  pages={327--336},
  year={2010},
  organization={ACM}
}
